5180G14332928000181113      REAL COFRADIA DE NTRO P. JESUS NAZARENO                     21030827                                                                 
5380G14332928000181113181113REAL COFRADIA DE NTRO P. JESUS NAZARENO 21030827470010000340        01                                                               
5680G143329280005           MANUEL PALMA CRUZ                       000431489607004271800000002950                1 DE NAVIDAD N.12.445         0000002300        
5681G143329280005           0 DE NAVIDAD N.05.527         0000000000Fracciones del Ni絪           00000002500 DEL NI헲 N.05.527           0000000000              
5682G143329280005           Gastos domiciliaci蚤 loter眼  0000000100Gastos env癌 postal           0000000300                                                      
5686G143329280005           MANUEL PALMA CRUZ                                                                                                  41700              
5680G1433292800011          JOSE RAFAEL JIMENEZ ZURERA              306301131420596769120000007300                1 DE NAVIDAD N.12.445         0000002300        
5681G1433292800011          1 DE NAVIDAD N.05.527         00000023001 DEL NI헲 N.12.445:          00000023000 DEL NI헲 N.05.527           0000000000              
5682G1433292800011          Gastos domiciliaci蚤 loter眼  0000000100Gastos env癌 postal           0000000300                                                      
5686G1433292800011          JOSE RAFAEL JIMENEZ ZURERA                                                                                         14700              
5680G1433292800041          RAFAEL LUQUE GARCIA                     003040023809255192710000001400                Fracciones de Navidad         0000000750        
5681G1433292800041          0 DE NAVIDAD N.05.527         0000000000Fracciones del Ni絪           00000002500 DEL NI헲 N.05.527           0000000000              
5682G1433292800041          Gastos domiciliaci蚤 loter眼  0000000100Gastos env癌 postal           0000000300                                                      
5686G1433292800041          RAFAEL LUQUE GARCIA                                                                                                14001              
5680G1433292800051          FRANCISCO CASTRO PERICET                018230952202016753180000014200                2 DE NAVIDAD N.12.445         0000004600        
5681G1433292800051          2 DE NAVIDAD N.05.527         00000046001 DEL NI헲 N.12.445:          00000023001 DEL NI헲 N.05.527           0000002300              
5682G1433292800051          Gastos domiciliaci蚤 loter眼  0000000100Gastos env癌 postal           0000000300                                                      
5686G1433292800051          FRANCISCO CASTRO PERICET                                                                                           11130              
5680G1433292800086          JOSE J. POSTIGO PALMA                   202401871733000202710000005000                1 DE NAVIDAD N.12.445         0000002300        
5681G1433292800086          0 DE NAVIDAD N.05.527         00000000001 DEL NI헲 N.12.445:          00000023000 DEL NI헲 N.05.527           0000000000              
5682G1433292800086          Gastos domiciliaci蚤 loter眼  0000000100Gastos env癌 postal           0000000300                                                      
5686G1433292800086          JOSE J. POSTIGO PALMA                                                                                              14900              
5680G1433292800098          RAFAEL CABANILLAS CECILIA               202401848130000030040000001400                Fracciones de Navidad         0000000750        
5681G1433292800098          0 DE NAVIDAD N.05.527         0000000000Fracciones del Ni絪           00000002500 DEL NI헲 N.05.527           0000000000              
5682G1433292800098          Gastos domiciliaci蚤 loter眼  0000000100Gastos env癌 postal           0000000300                                                      
5686G1433292800098          RAFAEL CABANILLAS CECILIA                                                                                          14006              
5680G14332928000123         JESUS SOTOMAYOR HURTADO                 018232702302001370290000001400                Fracciones de Navidad         0000000750        
5681G14332928000123         0 DE NAVIDAD N.05.527         0000000000Fracciones del Ni絪           00000002500 DEL NI헲 N.05.527           0000000000              
5682G14332928000123         Gastos domiciliaci蚤 loter眼  0000000100Gastos env癌 postal           0000000300                                                      
5686G14332928000123         JESUS SOTOMAYOR HURTADO                                                                                            14004              
5680G14332928000124         MANUEL PALMA POSTIGO                    008174800300010867120000009300                1 DE NAVIDAD N.12.445         0000002300        
5681G14332928000124         1 DE NAVIDAD N.05.527         00000023001 DEL NI헲 N.12.445:          00000023001 DEL NI헲 N.05.527           0000002300              
5682G14332928000124         Gastos domiciliaci蚤 loter眼  0000000100No gasto env癌 postal         0000000000                                                      
5686G14332928000124         MANUEL PALMA POSTIGO                                                                                               14920              
5680G14332928000136         VICENTE A. ROMERO PORTOCARRERO CASTILLO 306300233715900140130000001100                Fracciones de Navidad         0000000750        
5681G14332928000136         0 DE NAVIDAD N.05.527         0000000000Fracciones del Ni絪           00000002500 DEL NI헲 N.05.527           0000000000              
5682G14332928000136         Gastos domiciliaci蚤 loter眼  0000000100No gasto env癌 postal         0000000000                                                      
5686G14332928000136         VICENTE A. ROMERO PORTOCARRERO CASTILLO                                                                            14920              
5680G14332928000137         MANUEL ROMERO PORTOCARRERO CASTILLO     306300233715900140130000001100                Fracciones de Navidad         0000000750        
5681G14332928000137         0 DE NAVIDAD N.05.527         0000000000Fracciones del Ni絪           00000002500 DEL NI헲 N.05.527           0000000000              
5682G14332928000137         Gastos domiciliaci蚤 loter眼  0000000100No gasto env癌 postal         0000000000                                                      
5686G14332928000137         MANUEL ROMERO PORTOCARRERO CASTILLO                                                                                14920              
5680G14332928000138         MARCELO ROMERO PORTOCARRERO CASTILLO    306300233715900140130000001100                Fracciones de Navidad         0000000750        
5681G14332928000138         0 DE NAVIDAD N.05.527         0000000000Fracciones del Ni絪           00000002500 DEL NI헲 N.05.527           0000000000              
5682G14332928000138         Gastos domiciliaci蚤 loter眼  0000000100No gasto env癌 postal         0000000000                                                      
5686G14332928000138         MARCELO ROMERO PORTOCARRERO CASTILLO                                                                               14920              
5680G14332928000139         JOSE A. ROMERO PORTOCARRERO CASTILLO    306300233715900140130000001100                Fracciones de Navidad         0000000750        
5681G14332928000139         0 DE NAVIDAD N.05.527         0000000000Fracciones del Ni絪           00000002500 DEL NI헲 N.05.527           0000000000              
5682G14332928000139         Gastos domiciliaci蚤 loter眼  0000000100No gasto env癌 postal         0000000000                                                      
5686G14332928000139         JOSE A. ROMERO PORTOCARRERO CASTILLO                                                                               14920              
5680G14332928000141         RAFAEL CATALAN JIM텙EZ                  202400008430003283580000001100                Fracciones de Navidad         0000000750        
5681G14332928000141         0 DE NAVIDAD N.05.527         0000000000Fracciones del Ni絪           00000002500 DEL NI헲 N.05.527           0000000000              
5682G14332928000141         Gastos domiciliaci蚤 loter眼  0000000100No gasto env癌 postal         0000000000                                                      
5686G14332928000141         RAFAEL CATALAN JIM텙EZ                                                                                             14920              
5680G14332928000175         MANUEL PULIDO SOJO                      210005855401001027470000001400                Fracciones de Navidad         0000000750        
5681G14332928000175         0 DE NAVIDAD N.05.527         0000000000Fracciones del Ni絪           00000002500 DEL NI헲 N.05.527           0000000000              
5682G14332928000175         Gastos domiciliaci蚤 loter眼  0000000100Gastos env癌 postal           0000000300                                                      
5686G14332928000175         MANUEL PULIDO SOJO                                                                                                 8906               
5680G14332928000210         JUANA JIMENEZ PAVON                     202460465830051390300000001400                Fracciones de Navidad         0000000750        
5681G14332928000210         0 DE NAVIDAD N.05.527         0000000000Fracciones del Ni絪           00000002500 DEL NI헲 N.05.527           0000000000              
5682G14332928000210         Gastos domiciliaci蚤 loter眼  0000000100Gastos env癌 postal           0000000300                                                      
5686G14332928000210         JUANA JIMENEZ PAVON                                                                                                14014              
5680G14332928000226         GABRIEL LUQUE ROMERO                    012800643701000141460000001400                Fracciones de Navidad         0000000750        
5681G14332928000226         0 DE NAVIDAD N.05.527         0000000000Fracciones del Ni絪           00000002500 DEL NI헲 N.05.527           0000000000              
5682G14332928000226         Gastos domiciliaci蚤 loter眼  0000000100Gastos env癌 postal           0000000300                                                      
5686G14332928000226         GABRIEL LUQUE ROMERO                                                                                               28024              
5680G14332928000230         ANTONIO PONFERRADA HURTADO              018241086002088954650000001400                Fracciones de Navidad         0000000750        
5681G14332928000230         0 DE NAVIDAD N.05.527         0000000000Fracciones del Ni絪           00000002500 DEL NI헲 N.05.527           0000000000              
5682G14332928000230         Gastos domiciliaci蚤 loter眼  0000000100Gastos env癌 postal           0000000300                                                      
5686G14332928000230         ANTONIO PONFERRADA HURTADO                                                                                         29010              
5680G14332928000271         MARIANO BUSTOS JOSENDE                  202460450030410192910000002950                1 DE NAVIDAD N.12.445         0000002300        
5681G14332928000271         0 DE NAVIDAD N.05.527         0000000000Fracciones del Ni絪           00000002500 DEL NI헲 N.05.527           0000000000              
5682G14332928000271         Gastos domiciliaci蚤 loter眼  0000000100Gastos env癌 postal           0000000300                                                      
5686G14332928000271         MARIANO BUSTOS JOSENDE                                                                                             14010              
5680G14332928000330         AGUSTIN LEON QUILES                     202460543130480685650000001400                Fracciones de Navidad         0000000750        
5681G14332928000330         0 DE NAVIDAD N.05.527         0000000000Fracciones del Ni絪           00000002500 DEL NI헲 N.05.527           0000000000              
5682G14332928000330         Gastos domiciliaci蚤 loter眼  0000000100Gastos env癌 postal           0000000300                                                      
5686G14332928000330         AGUSTIN LEON QUILES                                                                                                14004              
5680G14332928000333         LUIS ALBERTO FERNANDEZ PERICET          202460621830060010640000002650                1 DE NAVIDAD N.12.445         0000002300        
5681G14332928000333         0 DE NAVIDAD N.05.527         0000000000Fracciones del Ni絪           00000002500 DEL NI헲 N.05.527           0000000000              
5682G14332928000333         Gastos domiciliaci蚤 loter眼  0000000100No gasto env癌 postal         0000000000                                                      
5686G14332928000333         LUIS ALBERTO FERNANDEZ PERICET                                                                                     14920              
5680G14332928000363         MANUEL ZURERA BERLANGA                  210003805901012121190000001400                Fracciones de Navidad         0000000750        
5681G14332928000363         0 DE NAVIDAD N.05.527         0000000000Fracciones del Ni絪           00000002500 DEL NI헲 N.05.527           0000000000              
5682G14332928000363         Gastos domiciliaci蚤 loter眼  0000000100Gastos env癌 postal           0000000300                                                      
5686G14332928000363         MANUEL ZURERA BERLANGA                                                                                             8906               
5680G14332928000368         PEDRO PEREZ ROLDAN                      008103969500061529300000001100                Fracciones de Navidad         0000000750        
5681G14332928000368         0 DE NAVIDAD N.05.527         0000000000Fracciones del Ni絪           00000002500 DEL NI헲 N.05.527           0000000000              
5682G14332928000368         Gastos domiciliaci蚤 loter眼  0000000100No gasto env癌 postal         0000000000                                                      
5686G14332928000368         PEDRO PEREZ ROLDAN                                                                                                 14920              
5680G14332928000438         MANUEL RUBIO ROMERO                     018234131502031504330000009600                1 DE NAVIDAD N.12.445         0000002300        
5681G14332928000438         1 DE NAVIDAD N.05.527         00000023001 DEL NI헲 N.12.445:          00000023001 DEL NI헲 N.05.527           0000002300              
5682G14332928000438         Gastos domiciliaci蚤 loter眼  0000000100Gastos env癌 postal           0000000300                                                      
5686G14332928000438         MANUEL RUBIO ROMERO                                                                                                29004              
5680G14332928000477         RAFAEL MART펥 AGUILAR                   018242892402015149500000001400                Fracciones de Navidad         0000000750        
5681G14332928000477         0 DE NAVIDAD N.05.527         0000000000Fracciones del Ni絪           00000002500 DEL NI헲 N.05.527           0000000000              
5682G14332928000477         Gastos domiciliaci蚤 loter眼  0000000100Gastos env癌 postal           0000000300                                                      
5686G14332928000477         RAFAEL MART펥 AGUILAR                                                                                              28936              
5680G14332928000489         JOSE POYATO CRUZ                        018204377700167810500000001100                Fracciones de Navidad         0000000750        
5681G14332928000489         0 DE NAVIDAD N.05.527         0000000000Fracciones del Ni絪           00000002500 DEL NI헲 N.05.527           0000000000              
5682G14332928000489         Gastos domiciliaci蚤 loter眼  0000000100No gasto env癌 postal         0000000000                                                      
5686G14332928000489         JOSE POYATO CRUZ                                                                                                   14920              
5680G14332928000533         MARIA CONCEPCION RUBIO LUCENA           207400404000296841790000001400                Fracciones de Navidad         0000000750        
5681G14332928000533         0 DE NAVIDAD N.05.527         0000000000Fracciones del Ni絪           00000002500 DEL NI헲 N.05.527           0000000000              
5682G14332928000533         Gastos domiciliaci蚤 loter眼  0000000100Gastos env癌 postal           0000000300                                                      
5686G14332928000533         MARIA CONCEPCION RUBIO LUCENA                                                                                      8225               
5680G14332928000535         MARIA ANTIGUA SOTOMAYOR PALMA           018232702302001370290000001400                Fracciones de Navidad         0000000750        
5681G14332928000535         0 DE NAVIDAD N.05.527         0000000000Fracciones del Ni絪           00000002500 DEL NI헲 N.05.527           0000000000              
5682G14332928000535         Gastos domiciliaci蚤 loter眼  0000000100Gastos env癌 postal           0000000300                                                      
5686G14332928000535         MARIA ANTIGUA SOTOMAYOR PALMA                                                                                      14004              
5680G14332928000605         TERESA REINA GALISTEO                   202400084030000402300000001100                Fracciones de Navidad         0000000750        
5681G14332928000605         0 DE NAVIDAD N.05.527         0000000000Fracciones del Ni絪           00000002500 DEL NI헲 N.05.527           0000000000              
5682G14332928000605         Gastos domiciliaci蚤 loter眼  0000000100No gasto env癌 postal         0000000000                                                      
5686G14332928000605         TERESA REINA GALISTEO                                                                                              14920              
5680G14332928000611         MARIA DOLORES RIOS PONFERRADA           202400084830000658840000001400                Fracciones de Navidad         0000000750        
5681G14332928000611         0 DE NAVIDAD N.05.527         0000000000Fracciones del Ni絪           00000002500 DEL NI헲 N.05.527           0000000000              
5682G14332928000611         Gastos domiciliaci蚤 loter眼  0000000100Gastos env癌 postal           0000000300                                                      
5686G14332928000611         MARIA DOLORES RIOS PONFERRADA                                                                                      29640              
5680G14332928000616         MARISOL RUBIO ALBALA                    004927924027940190210000005000                0 DE NAVIDAD N.12.445         0000000000        
5681G14332928000616         1 DE NAVIDAD N.05.527         00000023000 DEL NI헲 N.12.445:          00000000001 DEL NI헲 N.05.527           0000002300              
5682G14332928000616         Gastos domiciliaci蚤 loter眼  0000000100Gastos env癌 postal           0000000300                                                      
5686G14332928000616         MARISOL RUBIO ALBALA                                                                                               29002              
5680G14332928000679         JOAQUIN LUQUE PALMA                     018259676502015055320000001400                Fracciones de Navidad         0000000750        
5681G14332928000679         0 DE NAVIDAD N.05.527         0000000000Fracciones del Ni絪           00000002500 DEL NI헲 N.05.527           0000000000              
5682G14332928000679         Gastos domiciliaci蚤 loter眼  0000000100Gastos env癌 postal           0000000300                                                      
5686G14332928000679         JOAQUIN LUQUE PALMA                                                                                                14520              
5680G14332928000685         RAFAEL LUQUE ALVAREZ DE SOTOMAYOR       210036607321003261560000001400                Fracciones de Navidad         0000000750        
5681G14332928000685         0 DE NAVIDAD N.05.527         0000000000Fracciones del Ni絪           00000002500 DEL NI헲 N.05.527           0000000000              
5682G14332928000685         Gastos domiciliaci蚤 loter眼  0000000100Gastos env癌 postal           0000000300                                                      
5686G14332928000685         RAFAEL LUQUE ALVAREZ DE SOTOMAYOR                                                                                  14001              
5680G14332928000697         MANUEL HIERRO LINARES                   210006451901005037110000011900                3 DE NAVIDAD N.12.445         0000006900        
5681G14332928000697         0 DE NAVIDAD N.05.527         00000000002 DEL NI헲 N.12.445:          00000046000 DEL NI헲 N.05.527           0000000000              
5682G14332928000697         Gastos domiciliaci蚤 loter眼  0000000100Gastos env癌 postal           0000000300                                                      
5686G14332928000697         MANUEL HIERRO LINARES                                                                                              8906               
5680G14332928000705         MARI CARMEN ZURERA PANIAGUA             202460524330060199400000001400                Fracciones de Navidad         0000000750        
5681G14332928000705         0 DE NAVIDAD N.05.527         0000000000Fracciones del Ni絪           00000002500 DEL NI헲 N.05.527           0000000000              
5682G14332928000705         Gastos domiciliaci蚤 loter眼  0000000100Gastos env癌 postal           0000000300                                                      
5686G14332928000705         MARI CARMEN ZURERA PANIAGUA                                                                                        14011              
5680G14332928000805         MAR페 DEL CARMEN RECIO RUBIO            004927924027940190210000005000                1 DE NAVIDAD N.12.445         0000002300        
5681G14332928000805         0 DE NAVIDAD N.05.527         00000000001 DEL NI헲 N.12.445:          00000023000 DEL NI헲 N.05.527           0000000000              
5682G14332928000805         Gastos domiciliaci蚤 loter眼  0000000100Gastos env癌 postal           0000000300                                                      
5686G14332928000805         MAR페 DEL CARMEN RECIO RUBIO                                                                                       29002              
5680G14332928000873         JESUS SOTOMAYOR PALMA                   018232702302001370290000001400                Fracciones de Navidad         0000000750        
5681G14332928000873         0 DE NAVIDAD N.05.527         0000000000Fracciones del Ni絪           00000002500 DEL NI헲 N.05.527           0000000000              
5682G14332928000873         Gastos domiciliaci蚤 loter眼  0000000100Gastos env癌 postal           0000000300                                                      
5686G14332928000873         JESUS SOTOMAYOR PALMA                                                                                              14004              
5680G14332928000913         LUIS TRAPERO FLORES                     018233949702018964490000001400                Fracciones de Navidad         0000000750        
5681G14332928000913         0 DE NAVIDAD N.05.527         0000000000Fracciones del Ni絪           00000002500 DEL NI헲 N.05.527           0000000000              
5682G14332928000913         Gastos domiciliaci蚤 loter眼  0000000100Gastos env癌 postal           0000000300                                                      
5686G14332928000913         LUIS TRAPERO FLORES                                                                                                29014              
5680G14332928000946         JAVIER L흃EZ RUBIO                      207400457930768206390000001400                Fracciones de Navidad         0000000750        
5681G14332928000946         0 DE NAVIDAD N.05.527         0000000000Fracciones del Ni絪           00000002500 DEL NI헲 N.05.527           0000000000              
5682G14332928000946         Gastos domiciliaci蚤 loter眼  0000000100Gastos env癌 postal           0000000300                                                      
5686G14332928000946         JAVIER L흃EZ RUBIO                                                                                                 8222               
5680G14332928000949         ANTONIO RIOS CARMONA                    202400084830000658840000001400                Fracciones de Navidad         0000000750        
5681G14332928000949         0 DE NAVIDAD N.05.527         0000000000Fracciones del Ni絪           00000002500 DEL NI헲 N.05.527           0000000000              
5682G14332928000949         Gastos domiciliaci蚤 loter眼  0000000100Gastos env癌 postal           0000000300                                                      
5686G14332928000949         ANTONIO RIOS CARMONA                                                                                               29640              
5680G14332928000980         MANUEL ARAGON CALERO                    018205201802069498120000001400                Fracciones de Navidad         0000000750        
5681G14332928000980         0 DE NAVIDAD N.05.527         0000000000Fracciones del Ni絪           00000002500 DEL NI헲 N.05.527           0000000000              
5682G14332928000980         Gastos domiciliaci蚤 loter眼  0000000100Gastos env癌 postal           0000000300                                                      
5686G14332928000980         MANUEL ARAGON CALERO                                                                                               18151              
5680G14332928000984         FRANCISCA QUILES MOLINA                 202460543130480685650000001400                Fracciones de Navidad         0000000750        
5681G14332928000984         0 DE NAVIDAD N.05.527         0000000000Fracciones del Ni絪           00000002500 DEL NI헲 N.05.527           0000000000              
5682G14332928000984         Gastos domiciliaci蚤 loter眼  0000000100Gastos env癌 postal           0000000300                                                      
5686G14332928000984         FRANCISCA QUILES MOLINA                                                                                            14005              
5680G143329280001098        JOSE MANUEL GALVEZ JIM텙EZ              202460159733055085090000001100                Fracciones de Navidad         0000000750        
5681G143329280001098        0 DE NAVIDAD N.05.527         0000000000Fracciones del Ni絪           00000002500 DEL NI헲 N.05.527           0000000000              
5682G143329280001098        Gastos domiciliaci蚤 loter眼  0000000100No gasto env癌 postal         0000000000                                                      
5686G143329280001098        JOSE MANUEL GALVEZ JIM텙EZ                                                                                         14920              
5680G143329280001106        ENRIQUE ZURERA GUERRA                   012807406401000345060000001400                Fracciones de Navidad         0000000750        
5681G143329280001106        0 DE NAVIDAD N.05.527         0000000000Fracciones del Ni絪           00000002500 DEL NI헲 N.05.527           0000000000              
5682G143329280001106        Gastos domiciliaci蚤 loter眼  0000000100Gastos env癌 postal           0000000300                                                      
5686G143329280001106        ENRIQUE ZURERA GUERRA                                                                                              14011              
5680G143329280001108        JOSEFA MORENO MARTINEZ                  202460543130480685650000001400                Fracciones de Navidad         0000000750        
5681G143329280001108        0 DE NAVIDAD N.05.527         0000000000Fracciones del Ni絪           00000002500 DEL NI헲 N.05.527           0000000000              
5682G143329280001108        Gastos domiciliaci蚤 loter眼  0000000100Gastos env癌 postal           0000000300                                                      
5686G143329280001108        JOSEFA MORENO MARTINEZ                                                                                             14004              
5680G143329280001144        MARIA VICENTA FRAILE CARRION            208100791800000057050000001400                Fracciones de Navidad         0000000750        
5681G143329280001144        0 DE NAVIDAD N.05.527         0000000000Fracciones del Ni絪           00000002500 DEL NI헲 N.05.527           0000000000              
5682G143329280001144        Gastos domiciliaci蚤 loter眼  0000000100Gastos env癌 postal           0000000300                                                      
5686G143329280001144        MARIA VICENTA FRAILE CARRION                                                                                       8788               
5680G143329280001187        ELVIRA ZURERA LEON                      202403182730000139910000001400                Fracciones de Navidad         0000000750        
5681G143329280001187        0 DE NAVIDAD N.05.527         0000000000Fracciones del Ni絪           00000002500 DEL NI헲 N.05.527           0000000000              
5682G143329280001187        Gastos domiciliaci蚤 loter眼  0000000100Gastos env癌 postal           0000000300                                                      
5686G143329280001187        ELVIRA ZURERA LEON                                                                                                 41019              
5680G143329280001188        MARIA EMILIA LUQUE ALVAREZ DE SOTOMAYOR 003040023600000902720000001400                Fracciones de Navidad         0000000750        
5681G143329280001188        0 DE NAVIDAD N.05.527         0000000000Fracciones del Ni絪           00000002500 DEL NI헲 N.05.527           0000000000              
5682G143329280001188        Gastos domiciliaci蚤 loter眼  0000000100Gastos env癌 postal           0000000300                                                      
5686G143329280001188        MARIA EMILIA LUQUE ALVAREZ DE SOTOMAYOR                                                                            14007              
5680G143329280001195        MERCEDES LUCENA SANCHEZ                 208100791800000057050000001400                Fracciones de Navidad         0000000750        
5681G143329280001195        0 DE NAVIDAD N.05.527         0000000000Fracciones del Ni絪           00000002500 DEL NI헲 N.05.527           0000000000              
5682G143329280001195        Gastos domiciliaci蚤 loter眼  0000000100Gastos env癌 postal           0000000300                                                      
5686G143329280001195        MERCEDES LUCENA SANCHEZ                                                                                            8788               
5680G143329280001199        MARIA L. CARPINTERO ROMERO              306300233411458659270000001100                Fracciones de Navidad         0000000750        
5681G143329280001199        0 DE NAVIDAD N.05.527         0000000000Fracciones del Ni絪           00000002500 DEL NI헲 N.05.527           0000000000              
5682G143329280001199        Gastos domiciliaci蚤 loter眼  0000000100No gasto env癌 postal         0000000000                                                      
5686G143329280001199        MARIA L. CARPINTERO ROMERO                                                                                         14920              
5680G143329280001252        RAFAEL ANGEL POYATO SOLANO              018204377700167810500000001100                Fracciones de Navidad         0000000750        
5681G143329280001252        0 DE NAVIDAD N.05.527         0000000000Fracciones del Ni絪           00000002500 DEL NI헲 N.05.527           0000000000              
5682G143329280001252        Gastos domiciliaci蚤 loter眼  0000000100No gasto env癌 postal         0000000000                                                      
5686G143329280001252        RAFAEL ANGEL POYATO SOLANO                                                                                         14920              
5680G143329280001259        JUAN ALHAMA PALMA                       305802421228104069990000001100                Fracciones de Navidad         0000000750        
5681G143329280001259        0 DE NAVIDAD N.05.527         0000000000Fracciones del Ni絪           00000002500 DEL NI헲 N.05.527           0000000000              
5682G143329280001259        Gastos domiciliaci蚤 loter眼  0000000100No gasto env癌 postal         0000000000                                                      
5686G143329280001259        JUAN ALHAMA PALMA                                                                                                  14920              
5680G143329280001303        JOSE MARIA CA헤DILLAS LUCENA            306300233215899744170000001100                Fracciones de Navidad         0000000750        
5681G143329280001303        0 DE NAVIDAD N.05.527         0000000000Fracciones del Ni絪           00000002500 DEL NI헲 N.05.527           0000000000              
5682G143329280001303        Gastos domiciliaci蚤 loter眼  0000000100No gasto env癌 postal         0000000000                                                      
5686G143329280001303        JOSE MARIA CA헤DILLAS LUCENA                                                                                       14920              
5680G143329280001308        ENRIQUETA PINO PADILLA                  203822430330019770350000009600                1 DE NAVIDAD N.12.445         0000002300        
5681G143329280001308        1 DE NAVIDAD N.05.527         00000023001 DEL NI헲 N.12.445:          00000023001 DEL NI헲 N.05.527           0000002300              
5682G143329280001308        Gastos domiciliaci蚤 loter眼  0000000100Gastos env癌 postal           0000000300                                                      
5686G143329280001308        ENRIQUETA PINO PADILLA                                                                                             28805              
5680G143329280001336        JOSE MANUEL ROMERO ARAGON               306300233411458659270000001100                Fracciones de Navidad         0000000750        
5681G143329280001336        0 DE NAVIDAD N.05.527         0000000000Fracciones del Ni絪           00000002500 DEL NI헲 N.05.527           0000000000              
5682G143329280001336        Gastos domiciliaci蚤 loter眼  0000000100No gasto env癌 postal         0000000000                                                      
5686G143329280001336        JOSE MANUEL ROMERO ARAGON                                                                                          14920              
5680G143329280001368        ANTONIO JESUS L흃EZ OLMEDO              018259355502015273240000001100                Fracciones de Navidad         0000000750        
5681G143329280001368        0 DE NAVIDAD N.05.527         0000000000Fracciones del Ni絪           00000002500 DEL NI헲 N.05.527           0000000000              
5682G143329280001368        Gastos domiciliaci蚤 loter眼  0000000100No gasto env癌 postal         0000000000                                                      
5686G143329280001368        ANTONIO JESUS L흃EZ OLMEDO                                                                                         14920              
5680G143329280001424        AGUSTIN PE헤 ARANDA                     004927924621140286370000009300                1 DE NAVIDAD N.12.445         0000002300        
5681G143329280001424        1 DE NAVIDAD N.05.527         00000023001 DEL NI헲 N.12.445:          00000023001 DEL NI헲 N.05.527           0000002300              
5682G143329280001424        Gastos domiciliaci蚤 loter眼  0000000100No gasto env癌 postal         0000000000                                                      
5686G143329280001424        AGUSTIN PE헤 ARANDA                                                                                                14920              
5680G143329280001473        MARINA PEREZ CABELLO                    008103969500061529300000001100                Fracciones de Navidad         0000000750        
5681G143329280001473        0 DE NAVIDAD N.05.527         0000000000Fracciones del Ni絪           00000002500 DEL NI헲 N.05.527           0000000000              
5682G143329280001473        Gastos domiciliaci蚤 loter眼  0000000100No gasto env癌 postal         0000000000                                                      
5686G143329280001473        MARINA PEREZ CABELLO                                                                                               14920              
5680G143329280001508        CAROLINA GONZALEZ RINC흁                210027271101000621800000001400                Fracciones de Navidad         0000000750        
5681G143329280001508        0 DE NAVIDAD N.05.527         0000000000Fracciones del Ni絪           00000002500 DEL NI헲 N.05.527           0000000000              
5682G143329280001508        Gastos domiciliaci蚤 loter眼  0000000100Gastos env癌 postal           0000000300                                                      
5686G143329280001508        CAROLINA GONZALEZ RINC흁                                                                                           28043              
5680G143329280001608        ANTONIO CA헤DILLAS ESTRADA              306300233215899744170000001100                Fracciones de Navidad         0000000750        
5681G143329280001608        0 DE NAVIDAD N.05.527         0000000000Fracciones del Ni絪           00000002500 DEL NI헲 N.05.527           0000000000              
5682G143329280001608        Gastos domiciliaci蚤 loter眼  0000000100No gasto env癌 postal         0000000000                                                      
5686G143329280001608        ANTONIO CA헤DILLAS ESTRADA                                                                                         14920              
5680G143329280001623        AZAHARA JIMENEZ ZURERA                  202460524330060199400000001400                Fracciones de Navidad         0000000750        
5681G143329280001623        0 DE NAVIDAD N.05.527         0000000000Fracciones del Ni絪           00000002500 DEL NI헲 N.05.527           0000000000              
5682G143329280001623        Gastos domiciliaci蚤 loter眼  0000000100Gastos env癌 postal           0000000300                                                      
5686G143329280001623        AZAHARA JIMENEZ ZURERA                                                                                             14011              
5680G143329280001625        EMILIANO BLASCO DO헤MAYOR               004931126421940560410000001400                Fracciones de Navidad         0000000750        
5681G143329280001625        0 DE NAVIDAD N.05.527         0000000000Fracciones del Ni絪           00000002500 DEL NI헲 N.05.527           0000000000              
5682G143329280001625        Gastos domiciliaci蚤 loter眼  0000000100Gastos env癌 postal           0000000300                                                      
5686G143329280001625        EMILIANO BLASCO DO헤MAYOR                                                                                          28044              
5680G143329280001626        GONZALO BLASCO DO헤MAYOR                004931126421940560410000001400                Fracciones de Navidad         0000000750        
5681G143329280001626        0 DE NAVIDAD N.05.527         0000000000Fracciones del Ni絪           00000002500 DEL NI헲 N.05.527           0000000000              
5682G143329280001626        Gastos domiciliaci蚤 loter眼  0000000100Gastos env癌 postal           0000000300                                                      
5686G143329280001626        GONZALO BLASCO DO헤MAYOR                                                                                           28044              
5680G143329280001682        MERCEDES ZURERA GARCIA                  306301070021493797170000001400                Fracciones de Navidad         0000000750        
5681G143329280001682        0 DE NAVIDAD N.05.527         0000000000Fracciones del Ni絪           00000002500 DEL NI헲 N.05.527           0000000000              
5682G143329280001682        Gastos domiciliaci蚤 loter眼  0000000100Gastos env癌 postal           0000000300                                                      
5686G143329280001682        MERCEDES ZURERA GARCIA                                                                                             14012              
5680G143329280001699        ELISABET FERNANDEZ FERNANDEZ            210003805901012121190000001400                Fracciones de Navidad         0000000750        
5681G143329280001699        0 DE NAVIDAD N.05.527         0000000000Fracciones del Ni絪           00000002500 DEL NI헲 N.05.527           0000000000              
5682G143329280001699        Gastos domiciliaci蚤 loter眼  0000000100Gastos env癌 postal           0000000300                                                      
5686G143329280001699        ELISABET FERNANDEZ FERNANDEZ                                                                                       8906               
5680G143329280001701        MARIA JESUS PEREZ REINA                 210061507301000456680000001100                Fracciones de Navidad         0000000750        
5681G143329280001701        0 DE NAVIDAD N.05.527         0000000000Fracciones del Ni絪           00000002500 DEL NI헲 N.05.527           0000000000              
5682G143329280001701        Gastos domiciliaci蚤 loter眼  0000000100No gasto env癌 postal         0000000000                                                      
5686G143329280001701        MARIA JESUS PEREZ REINA                                                                                            14920              
5680G143329280001707        FRANCISCO EXPOSITO PINO                 209003018000400163300000001400                Fracciones de Navidad         0000000750        
5681G143329280001707        0 DE NAVIDAD N.05.527         0000000000Fracciones del Ni絪           00000002500 DEL NI헲 N.05.527           0000000000              
5682G143329280001707        Gastos domiciliaci蚤 loter眼  0000000100Gastos env癌 postal           0000000300                                                      
5686G143329280001707        FRANCISCO EXPOSITO PINO                                                                                            3208               
5680G143329280001745        SILVIA JIMENEZ ZURERA                   202460524330060199400000001400                Fracciones de Navidad         0000000750        
5681G143329280001745        0 DE NAVIDAD N.05.527         0000000000Fracciones del Ni絪           00000002500 DEL NI헲 N.05.527           0000000000              
5682G143329280001745        Gastos domiciliaci蚤 loter眼  0000000100Gastos env癌 postal           0000000300                                                      
5686G143329280001745        SILVIA JIMENEZ ZURERA                                                                                              14011              
5680G143329280001788        VICENTE ARBIOL LUQUE                    008174800300010867120000001400                Fracciones de Navidad         0000000750        
5681G143329280001788        0 DE NAVIDAD N.05.527         0000000000Fracciones del Ni絪           00000002500 DEL NI헲 N.05.527           0000000000              
5682G143329280001788        Gastos domiciliaci蚤 loter眼  0000000100Gastos env癌 postal           0000000300                                                      
5686G143329280001788        VICENTE ARBIOL LUQUE                                                                                               8901               
5680G143329280001790        JUAN ALHAMA MELGAREJO                   305802421228104069990000001100                Fracciones de Navidad         0000000750        
5681G143329280001790        0 DE NAVIDAD N.05.527         0000000000Fracciones del Ni絪           00000002500 DEL NI헲 N.05.527           0000000000              
5682G143329280001790        Gastos domiciliaci蚤 loter眼  0000000100No gasto env癌 postal         0000000000                                                      
5686G143329280001790        JUAN ALHAMA MELGAREJO                                                                                              14920              
5680G143329280001806        MANUEL ZURERA SARABIA                   210003805601008434870000001400                Fracciones de Navidad         0000000750        
5681G143329280001806        0 DE NAVIDAD N.05.527         0000000000Fracciones del Ni絪           00000002500 DEL NI헲 N.05.527           0000000000              
5682G143329280001806        Gastos domiciliaci蚤 loter眼  0000000100Gastos env癌 postal           0000000300                                                      
5686G143329280001806        MANUEL ZURERA SARABIA                                                                                              8906               
5680G143329280001810        NURIA RUBIO ROBLES                      018234237702015070250000001400                Fracciones de Navidad         0000000750        
5681G143329280001810        0 DE NAVIDAD N.05.527         0000000000Fracciones del Ni絪           00000002500 DEL NI헲 N.05.527           0000000000              
5682G143329280001810        Gastos domiciliaci蚤 loter眼  0000000100Gastos env癌 postal           0000000300                                                      
5686G143329280001810        NURIA RUBIO ROBLES                                                                                                 29018              
5680G143329280001822        MANUEL DE ARAGON APARICIO               306300233011458542280000001100                Fracciones de Navidad         0000000750        
5681G143329280001822        0 DE NAVIDAD N.05.527         0000000000Fracciones del Ni絪           00000002500 DEL NI헲 N.05.527           0000000000              
5682G143329280001822        Gastos domiciliaci蚤 loter眼  0000000100No gasto env癌 postal         0000000000                                                      
5686G143329280001822        MANUEL DE ARAGON APARICIO                                                                                          14920              
5680G143329280001823        MANUEL EDUARDO DE ARAGON GORDON         306300233011458542280000001100                Fracciones de Navidad         0000000750        
5681G143329280001823        0 DE NAVIDAD N.05.527         0000000000Fracciones del Ni絪           00000002500 DEL NI헲 N.05.527           0000000000              
5682G143329280001823        Gastos domiciliaci蚤 loter眼  0000000100No gasto env癌 postal         0000000000                                                      
5686G143329280001823        MANUEL EDUARDO DE ARAGON GORDON                                                                                    14920              
5680G143329280001862        ISABEL EGIDO LOPEZ                      210308274300100037480000002650                1 DE NAVIDAD N.12.445         0000002300        
5681G143329280001862        0 DE NAVIDAD N.05.527         0000000000Fracciones del Ni絪           00000002500 DEL NI헲 N.05.527           0000000000              
5682G143329280001862        Gastos domiciliaci蚤 loter眼  0000000100No gasto env癌 postal         0000000000                                                      
5686G143329280001862        ISABEL EGIDO LOPEZ                                                                                                 14920              
5680G143329280001888        LIDIA VILAS PEREZ                       210005901902000354520000001400                Fracciones de Navidad         0000000750        
5681G143329280001888        0 DE NAVIDAD N.05.527         0000000000Fracciones del Ni絪           00000002500 DEL NI헲 N.05.527           0000000000              
5682G143329280001888        Gastos domiciliaci蚤 loter眼  0000000100Gastos env癌 postal           0000000300                                                      
5686G143329280001888        LIDIA VILAS PEREZ                                                                                                  8904               
5680G143329280001937        IGNACIO SALVADOR MELLADO                203817671230015769200000001400                Fracciones de Navidad         0000000750        
5681G143329280001937        0 DE NAVIDAD N.05.527         0000000000Fracciones del Ni絪           00000002500 DEL NI헲 N.05.527           0000000000              
5682G143329280001937        Gastos domiciliaci蚤 loter眼  0000000100Gastos env癌 postal           0000000300                                                      
5686G143329280001937        IGNACIO SALVADOR MELLADO                                                                                           28019              
5680G143329280001943        CONCEPCION PULIDO SOJO                  210005855101006666150000001400                Fracciones de Navidad         0000000750        
5681G143329280001943        0 DE NAVIDAD N.05.527         0000000000Fracciones del Ni絪           00000002500 DEL NI헲 N.05.527           0000000000              
5682G143329280001943        Gastos domiciliaci蚤 loter眼  0000000100Gastos env癌 postal           0000000300                                                      
5686G143329280001943        CONCEPCION PULIDO SOJO                                                                                             8020               
5680G143329280001961        MARC ZURERA FERNANDEZ                   210003805601008434870000001400                Fracciones de Navidad         0000000750        
5681G143329280001961        0 DE NAVIDAD N.05.527         0000000000Fracciones del Ni絪           00000002500 DEL NI헲 N.05.527           0000000000              
5682G143329280001961        Gastos domiciliaci蚤 loter眼  0000000100Gastos env癌 postal           0000000300                                                      
5686G143329280001961        MARC ZURERA FERNANDEZ                                                                                              8906               
5680G143329280001971        MIGUEL LUQUE ZURERA                     023760622091512573880000001400                Fracciones de Navidad         0000000750        
5681G143329280001971        0 DE NAVIDAD N.05.527         0000000000Fracciones del Ni絪           00000002500 DEL NI헲 N.05.527           0000000000              
5682G143329280001971        Gastos domiciliaci蚤 loter眼  0000000100Gastos env癌 postal           0000000300                                                      
5686G143329280001971        MIGUEL LUQUE ZURERA                                                                                                8907               
5680G143329280002057        LEONARDO ALARCON FERNANDEZ              004949277728952118400000001400                Fracciones de Navidad         0000000750        
5681G143329280002057        0 DE NAVIDAD N.05.527         0000000000Fracciones del Ni絪           00000002500 DEL NI헲 N.05.527           0000000000              
5682G143329280002057        Gastos domiciliaci蚤 loter眼  0000000100Gastos env癌 postal           0000000300                                                      
5686G143329280002057        LEONARDO ALARCON FERNANDEZ                                                                                         8950               
5680G143329280002226        TANIA SANCHEZ PEREZ                     210061507301000456680000001100                Fracciones de Navidad         0000000750        
5681G143329280002226        0 DE NAVIDAD N.05.527         0000000000Fracciones del Ni絪           00000002500 DEL NI헲 N.05.527           0000000000              
5682G143329280002226        Gastos domiciliaci蚤 loter眼  0000000100No gasto env癌 postal         0000000000                                                      
5686G143329280002226        TANIA SANCHEZ PEREZ                                                                                                14920              
5680G143329280002267        LUCIA FERNANDEZ REINA                   202400084030000402300000001100                Fracciones de Navidad         0000000750        
5681G143329280002267        0 DE NAVIDAD N.05.527         0000000000Fracciones del Ni絪           00000002500 DEL NI헲 N.05.527           0000000000              
5682G143329280002267        Gastos domiciliaci蚤 loter眼  0000000100No gasto env癌 postal         0000000000                                                      
5686G143329280002267        LUCIA FERNANDEZ REINA                                                                                              14920              
5680G143329280002315        PILAR CUARTAS ALONSO                    210054772201001220770000005000                1 DE NAVIDAD N.12.445         0000002300        
5681G143329280002315        0 DE NAVIDAD N.05.527         00000000001 DEL NI헲 N.12.445:          00000023000 DEL NI헲 N.05.527           0000000000              
5682G143329280002315        Gastos domiciliaci蚤 loter眼  0000000100Gastos env癌 postal           0000000300                                                      
5686G143329280002315        PILAR CUARTAS ALONSO                                                                                               28906              
5680G143329280002316        RAMON LUQUE ZAFRA                       210054772201001220770000005000                0 DE NAVIDAD N.12.445         0000000000        
5681G143329280002316        1 DE NAVIDAD N.05.527         00000023000 DEL NI헲 N.12.445:          00000000001 DEL NI헲 N.05.527           0000002300              
5682G143329280002316        Gastos domiciliaci蚤 loter眼  0000000100Gastos env癌 postal           0000000300                                                      
5686G143329280002316        RAMON LUQUE ZAFRA                                                                                                  28906              
5680G143329280002347        JESUS LOPEZ NU헨Z                       018259355502015273240000001100                Fracciones de Navidad         0000000750        
5681G143329280002347        0 DE NAVIDAD N.05.527         0000000000Fracciones del Ni絪           00000002500 DEL NI헲 N.05.527           0000000000              
5682G143329280002347        Gastos domiciliaci蚤 loter眼  0000000100No gasto env癌 postal         0000000000                                                      
5686G143329280002347        JESUS LOPEZ NU헨Z                                                                                                  14920              
5680G143329280002376        ADRIAN RIOS ZURERA                      008103969500061529300000001400                Fracciones de Navidad         0000000750        
5681G143329280002376        0 DE NAVIDAD N.05.527         0000000000Fracciones del Ni絪           00000002500 DEL NI헲 N.05.527           0000000000              
5682G143329280002376        Gastos domiciliaci蚤 loter眼  0000000100Gastos env癌 postal           0000000300                                                      
5686G143329280002376        ADRIAN RIOS ZURERA                                                                                                 8906               
5880G14332928000                                                                        0019820000      00000000860000000516                                      
5980G14332928000            V-26/03/2012                            0001                0019820000      00000000860000000516                                      
